% -------------------------------------------------------------
% DEMAND FORECASTING - BIBFILE 
% -------------------------------------------------------------

@ARTICLE{Fernandes2021,
 AUTHOR =	{Heidi V.J. Fernandes},
 TITLE =	{From student to tutor: A journey in problem-based learning},
 JOURNAL =	{Currents in Pharmacy Teaching and Learning},
 VOLUME =	{13},
 NUMBER =   {12},
 PAGES =	{1706-1709},
 YEAR =	{2021},
 DOI = {https://doi.org/10.1016/j.cptl.2021.09.037},
 URL = {https://www.sciencedirect.com/science/article/pii/S1877129721002835},
}

% -------------------------------------------------------------

@conference{Correia2006,
  author       = { W. F. M. Correia}, 
  title        = {Deritrizes para o desenvolvimento de produtos através de redes bayesianas: Uma aplicação},
  booktitle    = {Anais do congresso Latino-Ibero Americano de Investigación Operativa },
  year         = {2006},
  address      = {Montevideo},
  organization = {Congresso Latino-Ibero Americano de Investigación Operativa},
}

% -------------------------------------------------------------

@BOOK{WankeJulianelli2006,
 AUTHOR =		{Peter Wanke and Leonardo Julianelli},
 TITLE =		{Previsão de vendas: processos organizacionais \& métodos quantitativos e qualitativos},
 PUBLISHER =	{Editora Atlas},
 YEAR =		{2006},
}


% -------------------------------------------------------------

@BOOK{Devaney2018,
 AUTHOR =		{Robert Devaney},
 TITLE =		{An introduction to chaotic dynamical systems},
 PUBLISHER =	{CRC Press},
 YEAR =		{2018},
}

% -------------------------------------------------------------

@BOOK{KorbNicholson2003,
 AUTHOR =		{k. B. Korb and A. E. Nicholson},
 TITLE =		{Bayesian artificial intelligence},
 PUBLISHER =	{Chapman \& Hall/CRC, Florida},
 YEAR =		{2003},
}

% -------------------------------------------------------------

@ARTICLE{Atiya2019,
 AUTHOR =	{Amir F. Atiya},
 TITLE =	{Why does forecast combination work so well?},
 JOURNAL =	{International Journal of Forecasting},
 YEAR =	{In press, corrected proof, Available online 24 May 2019},
}

% -------------------------------------------------------------

@ARTICLE{BlancSetzer2016,
 AUTHOR =	{Sebastian M. Blanc and Thomas Setzer},
 TITLE =	{When to choose the simple average in forecast combination},
 JOURNAL =	{Journal of Business Research},
 VOLUME =	{69},
 NUMBER = 	{10},
 PAGES =	{3951-3962},
 YEAR =	{2016},
}

% -------------------------------------------------------------

@PHDTHESIS{Fraga2010,
 AUTHOR =	{Tatiana Balbi Fraga},
 TITLE =	{Proposição e análise de modelos híbridos para o problema de escalonamento de produção em oficina de máquinas},
 SCHOOL = {Doutorado em Modelagem Computacional},
 ADDRESS = {Instituto Politécnico do Estado do Rio de Janeiro (IPRJ), Nova Friburgo, RJ, Brasil},
 YEAR =	{2010},
}

% -------------------------------------------------------------

@PHDTHESIS{Firmino2004,
 AUTHOR =	{ P. R. A. Firmino},
 TITLE =	{Redes Bayesinas para a parametrização da confiabilidade em sistemas complexos},
 SCHOOL = {Programa de Pós-graduação em Engenharia de Produção - Unifersidade Federal de Pernambuco},
 ADDRESS = {Recife},
 YEAR =	{2004},
 TYPE = {Dissertação de Mestrado},
}

% -------------------------------------------------------------

@ARTICLE{LahtinenEtAl2017,
 AUTHOR =	{Tuomas J. Lahtinen and Raimo P. Hämäläinen and Juuso Liesiö},
 TITLE =	{Portfolio decision analysis methods in environmental decision making},
 JOURNAL =	{Environmental Modelling \& Software},
 VOLUME =	{94},
 PAGES =	{73-86},
 YEAR =	{2017},
}

% -------------------------------------------------------------

@ARTICLE{RubioEtAl2011,
 AUTHOR =	{Ginés Rubio and Héctor Pomares and Ignacio Rojas and Luis Javier Herrera},
 TITLE =	{A heuristic method for parameter selection in LS-SVM: Application to time series prediction},
 JOURNAL =	{International Journal of Forecasting},
 VOLUME =	{27},
 PAGES =	{725–739},
 YEAR =	{2011},
}

% -------------------------------------------------------------

@ARTICLE{MaqsoodEtAl2019,
 AUTHOR =	{Haider Maqsood and Irfan Mehmood and Muazzam Maqsood and Muhammad Yasir and Khan Muhammad},
 TITLE =	{A local and global event sentiment based efficient stock exchange forecasting using deep learning},
 JOURNAL =	{International Journal of Information Management, In press, corrected proof},
 YEAR =	{2019},
}

% -------------------------------------------------------------

@ARTICLE{MerkuryevaEtAl2019,
 AUTHOR =	{Galina Merkuryeva and Aija Valberga and Alexander Smirnov},
 TITLE =	{Demand forecasting in pharmaceutical supply chains: A case study},
 JOURNAL =	{Procedia Computer Science},
 VOLUME =	{149},
 PAGES =	{3-10},
 YEAR =	{2019},
}

% -------------------------------------------------------------

@ARTICLE{TanizakiEtAl2019,
 AUTHOR =	{Takashi Tanizaki and Tomohiro Hoshino and Takeshi Shimmura and Takeshi Takenaka},
 TITLE =	{Demand forecasting in restaurants using machine learning and statistical analysis},
 JOURNAL =	{Procedia CIRP},
 VOLUME =	{79},
 PAGES =	{679-683},
 YEAR =	{2019},
}

% -------------------------------------------------------------

@MISC{SEBRAE2019,
HOWPUBLISHED = "\url{http://www.sebrae.com.br/sites/PortalSebrae/artigos/entenda-as- diferencas-entre-microempresa-pequena-empresa-e-mei,03f5438af1c 92410VgnVCM100000b272010aRCRD}",
AUTHOR = "SEBRAE",
TITLE = "Confira as diferenças entre micro empresa, pequena empresa e MEI",
YEAR = "2019",
NOTE = "Accessed on 2019-05-27"
}

% -------------------------------------------------------------



